
@article{IOT2,
	title = {Internet of Things applications: A systematic review},
	journal = {Computer Networks},
	volume = {148},
	pages = {241-261},
	year = {2019},
	issn = {1389-1286},
	doi = {https://doi.org/10.1016/j.comnet.2018.12.008}
}


@article{IOT1,
	title = {Internet of Things (IoT): A vision, architectural elements, and future directions},
	journal = {Future Generation Computer Systems},
	volume = {29},
	number = {7},
	pages = {1645-1660},
	year = {2013},
	note = {Including Special sections: Cyber-enabled Distributed Computing for Ubiquitous Cloud and Network Services & Cloud Computing and Scientific Applications — Big Data, Scalable Analytics, and Beyond},
	issn = {0167-739X},
	doi = {https://doi.org/10.1016/j.future.2013.01.010}
}



@ARTICLE{8016573,
  author={Y. {Mao} and C. {You} and J. {Zhang} and K. {Huang} and K. B. {Letaief}},
  journal={IEEE Communications Surveys   Tutorials}, 
  title={A Survey on Mobile Edge Computing: The Communication Perspective}, 
  year={2017},
  volume={19},
  number={4},
  pages={2322-2358},
  doi={10.1109/COMST.2017.2745201}}

@ARTICLE{8600750,
  author={X. {Du} and H. {Chen} and L. {Zhu} and J. {Li} and Z. {Chang}},
  journal={IEEE Wireless Communications}, 
  title={Security and Privacy in Wireless IoT}, 
  year={2018},
  volume={25},
  number={6},
  pages={10-11},
  doi={10.1109/MWC.2018.8600750}}

@ARTICLE{8416714,
  author={J. {Dong} and M. {Noreikis} and Y. {Xiao} and A. {Ylä-Jääski}},
  journal={IEEE Transactions on Mobile Computing}, 
  title={ViNav: A Vision-Based Indoor Navigation System for Smartphones}, 
  year={2019},
  volume={18},
  number={6},
  pages={1461-1475},
  doi={10.1109/TMC.2018.2857772}}

@article{1111,
  title={Multi-dimensional data indexing and range query processing via Voronoi diagram for internet of things},
  author={ Wan, Shaohua  and  Zhao, Yu  and  Wang, Tian  and  Gu, Zonghua  and  Abbasi, Qammer H  and  Choo, Kim Kwang Raymond },
  journal={Future Generation Computer Systems},
  volume={91},
  pages={382-391},
  year={2018},
}

@ARTICLE{8843900,
  author={Y. {Lu} and X. {Huang} and Y. {Dai} and S. {Maharjan} and Y. {Zhang}},
  journal={IEEE Transactions on Industrial Informatics}, 
  title={Blockchain and Federated Learning for Privacy-Preserved Data Sharing in Industrial IoT}, 
  year={2020},
  volume={16},
  number={6},
  pages={4177-4186},
  doi={10.1109/TII.2019.2942190}}

@ARTICLE{8994072,
  author={A. {Mackey} and P. {Spachos} and K. N. {Plataniotis}},
  journal={IEEE Systems Journal}, 
  title={Smart Parking System Based on Bluetooth Low Energy Beacons With Particle Filtering}, 
  year={2020},
  volume={14},
  number={3},
  pages={3371-3382},
  doi={10.1109/JSYST.2020.2968883}}


@article{2020An,
  title={An efficient continuous range query processing scheme in mobile P2P networks},
  author={ Lim, Jongtae  and  Bok, Kyoungsoo  and  Yoo, Jaesoo },
  journal={The Journal of Supercomputing},
  volume={76},
  number={2},
  pages={1-15},
  year={2020},
}

@article{2020Privacy,
title = "Privacy-preserving range query over multi-source electronic health records in public clouds",
journal = "Journal of Parallel and Distributed Computing",
volume = "135",
pages = "127-139",
year = "2020",
issn = "0743-7315",
author = "Jinwen Liang and Zheng Qin and Sheng Xiao and Jixin Zhang and Hui Yin and Keqin Li",
}


@article{2019Efficient,
	title={Efficient and secure multi-dimensional geometric range query over encrypted data in cloud},
	author={Li, Xingxin and Zhu, Youwen and Wang, Jian and Zhang, Ji},
	journal={Journal of Parallel and Distributed Computing},
	volume={131},
	pages={44--54},
	year={2019},
	publisher={Elsevier}
}



@article{2019Energy,
	author    = {Liang Liu and
	Zhenhai Hu and
	Lisong Wang},
	title     = {Energy-efficient and privacy-preserving spatial range aggregation
	query processing in wireless sensor networks},
	journal   = {International Journal of Distributed Sensor Networks},
	volume    = {15},
	number    = {7},
	year      = {2019},
	timestamp = {Sun, 21 Jun 2020 17:38:59 +0200},
}



@article{2019A,
  title={A lightweight privacy and integrity preserving range query scheme for mobile cloud computing},
  author={ Xu, Zhou  and  Lin, Yaping  and  Sandor, Voundi Koe Arthur  and  Huang, Zhisheng  and  Liu, Xinbo},
  journal={Computers \& Security},
  volume={84},
  pages={318-333},
  year={2019},
}

@article{Li2019,
  title={Aggregated multi-attribute query processing in edge computing for industrial IoT applications},
  author={Li, Xiaocui and Zhou, Zhangbing and Guo, Junqi and Wang, Shangguang and Zhang, Junsheng},
  journal={Computer Networks},
  volume={151},
  pages={114-123},
  year={2019},
}

@article{0Efficient,
  title={Efficient location privacy-preserving range query scheme for vehicle sensing systems},
  author={ Hu, Peng   and  Wang, Yongli and  Li, Quanbing  and Wang, Yongjian   and  Li, Yanchao  and  Zhao, Ruxin  and Li, Hao },
  journal={Journal of Systems Architecture},
	volume    = {106},
pages     = {101714},
year      = {2020},
}

@article{2020Privacy,
  title={Privacy-Enhancing Decentralized Anonymous Credential in Smart Grids},
  author={ Lin, Chao  and  He, Debiao  and  Zhang, Hongjie  and  Shao, Lisong  and  Huang, Xinyi },
  journal={Computer Standards & Interfaces},
  pages={103505},
  year={2020},
}

@article{javed65automated,
  title={Automated cognitive health assessment in smart homes using machine learning},
  author={Javed, Abdul Rehman and Fahad, Labiba Gillani and Farhan, Asma Ahmad and Abbas, Sidra and Srivastava, Gautam and Parizi, Reza M and Khan, Mohammad S},
  journal={Sustainable Cities and Society},
  volume = {65},
  pages = {102572},
  year = {2021},
  publisher={Elsevier}
}

@article{2020Smart,
	title={Smart transformer-enabled meshed hybrid distribution grid},
	author={Das, Dwijasish and Hrishikesan, VM and Kumar, Chandan and Liserre, Marco},
	journal={IEEE Transactions on Industrial Electronics},
	volume={68},
	number={1},
	pages={282--292},
	year={2021},
	publisher={IEEE}
}

@article{2019Effective,
  title={Effective peer-to-peer design for supporting range query in Internet of Things applications},
  author={ Djellabi, Brahim  and  Younis, Mohamed  and  Amad, Mourad },
  journal={Computer Communications},
  volume    = {150},
  pages     = {506--518},
  year      = {2020},
}

@article{2017SER,
  title={SER: Secure and Efficient Retrieval for Anonymous Range Query in Wireless Sensor Networks},
  author={ Tsou, Yao Tung  and  Lu, Chun Shien  and  Kuo, Sy Yen },
  journal={Computer Communications},
  volume={108},
  pages={1--16},
  year={2017},
}


@inproceedings{yi2013a,
	title="A digital watermarking approach to secure and precise range query processing in sensor networks",
	author="Yeqing {Yi} and Rui {Li} and Fei {Chen} and Alex X. {Liu} and Yaping {Lin}",
	booktitle="2013 Proceedings IEEE INFOCOM",
	pages="1950--1958",
	notes="Sourced from Microsoft Academic - https://academic.microsoft.com/paper/2045852091",
	year="2013"
}

@inproceedings{paillier1999,
	title="Public-key cryptosystems based on composite degree residuosity classes",
	author="Pascal {Paillier}",
	booktitle="Advances in Cryptology-{EUROCRYPT}'99, International Conference
	on the Theory and Application of Cryptographic Techniques",
	pages="223--238",
	notes="Sourced from Microsoft Academic - https://academic.microsoft.com/paper/2132172731",
	year="1999"
    publisher = {Springer},
}

@inproceedings{bgn2005,
	title="Evaluating 2-DNF formulas on ciphertexts",
	author="Dan {Boneh} and Eu-Jin {Goh} and Kobbi {Nissim}",
	booktitle="TCC'05 Proceedings of the Second international conference on Theory of Cryptography",
	pages="325--341",
	notes="Sourced from Microsoft Academic - https://academic.microsoft.com/paper/1798609567",
	year="2005"
}

@inproceedings{ou1998,
	title={A new public-key cryptosystem as secure as factoring},
	author={Okamoto, Tatsuaki and Uchiyama, Shigenori},
	 booktitle = {Advances in Cryptology-{EUROCRYPT}'98, International Conference
	on the Theory and Application of Cryptographic Techniques},
	pages={308--318},
	year={1998},
}

@article{bloomfilter1970,
	title="Space/time trade-offs in hash coding with allowable errors",
	author="Burton H. {Bloom}",
	journal="Communications of The ACM",
	volume="13",
	number="7",
	pages="422--426",
	notes="Sourced from Microsoft Academic - https://academic.microsoft.com/paper/2123845384",
	year="1970"
}

@article{li2016cloudcomputing,
	title="Fast and Scalable Range Query Processing With Strong Privacy Protection for Cloud Computing",
	author="Rui {Li} and Alex X. {Liu} and Ann L. {Wang} and Bezawada {Bruhadeshwar}",
	journal="IEEE ACM Transactions on Networking",
	volume="24",
	number="4",
	pages="2305--2318",
	notes="Sourced from Microsoft Academic - https://academic.microsoft.com/paper/2317269620",
	year="2016"
}

@inproceedings{mahdikhani2020IoT,
	title="Achieving Efficient and Privacy-Preserving Range Query in Fog-enhanced IoT with Bloom Filter",
	author="Hassan {Mahdikhani} and Rongxing {Lu} and Yandong {Zheng} and Ali A. {Ghorbani}",
	booktitle="ICC 2020-2020 IEEE International Conference on Communications (ICC)",
	pages="1--6",
	notes="Sourced from Microsoft Academic - https://academic.microsoft.com/paper/3045880028",
	year="2020"
}

@inproceedings{shen2017cloudcomputing,
	title="Achieving personalized and privacy-preserving range queries over outsourced cloud data",
	author="Yao {Shen} and Liusheng {Huang} and Wei {Yang}",
	booktitle="2017 IEEE International Conference on Communications (ICC)",
	pages="1--6",
	notes="Sourced from Microsoft Academic - https://academic.microsoft.com/paper/2739531753",
	year="2017"
}

@article{hasan2020IoT,
	title="Achieving O(log$^3$n)  Communication-Efficient Privacy-Preserving Range Query in Fog-Based IoT",
	author="Hassan {Mahdikhani} and Rongxing {Lu} and Yandong {Zheng} and Jun {Shao} and Ali A. {Ghorbani}",
	journal="IEEE Internet of Things Journal",
	volume="7",
	number="6",
	pages="5220--5232",
	notes="Sourced from Microsoft Academic - https://academic.microsoft.com/paper/3008990186",
	year="2020"
}

@inproceedings{zeng2017tieredWSN,
	title="Privacy-Preserving and Multi-Dimensional Range Query in Two-Tiered Wireless Sensor Networks",
	author="Juru {Zeng} and Lei {Dong} and Yao {Wu} and Hong {Chen} and Cuiping {Li} and Shan {Wang}",
	booktitle="GLOBECOM 2017 - 2017 IEEE Global Communications Conference",
	pages="1--7",
	notes="Sourced from Microsoft Academic - https://academic.microsoft.com/paper/2784186928",
	year="2017"
}

@article{smallcommunity,
	title="SMALL SMART COMMUNITY: AN APPLICATION OF INTERNET OF THINGS",
	author="Yudhi {Gunardi} and Andi {Adriansyah} and Tito {Anindhito}",
	journal="",
	notes="Sourced from Microsoft Academic - https://academic.microsoft.com/paper/2584101329",
	year="2015"
}

@inproceedings{gouin-vallerand2019an,
	title="An indoor navigation platform for seeking Internet of Things devices in large indoor environment",
	author="Charles {Gouin-Vallerand} and Simon {Rousseau}",
	booktitle="Proceedings of the 5th EAI International Conference on Smart Objects and Technologies for Social Good",
	pages="108--113",
	notes="Sourced from Microsoft Academic - https://academic.microsoft.com/paper/2967476175",
	year="2019"
}

@inproceedings{amiri2019privacy,
	title="Privacy-Preserving Smart Parking System Using Blockchain and Private Information Retrieval",
	author="Wesam Al {Amiri} and Mohamed {Baza} and Karim {Banawan} and Mohamed {Mahmoud} and Waleed {Alasmary} and Kemal {Akkaya}",
	booktitle="2019 International Conference on Smart Applications, Communications and Networking (SmartNets)",
	pages="1--6",
	notes="Sourced from Microsoft Academic - https://academic.microsoft.com/paper/3018239957",
	year="2019"
}

@article{rabie2020smart,
	title="Smart electrical grids based on cloud, IoT, and big data technologies: state of the art",
	author="Asmaa H. {Rabie} and Ahmed I. {Saleh} and Hesham A. {Ali}",
	journal="Journal of Ambient Intelligence and Humanized Computing",
	pages="1--32",
	notes="Sourced from Microsoft Academic - https://academic.microsoft.com/paper/3107212100",
	year="2020"
}

@article{lin2020security,
	title="Security and Privacy Techniques in IoT Environment.",
	author="Jerry Chun-Wei {Lin} and Kuo-Hui {Yeh}",
	journal="Sensors",
	volume="21",
	number="1",
	pages="1",
	notes="Sourced from Microsoft Academic - https://academic.microsoft.com/paper/3113552225",
	year="2020"
}

@article{mahdikhani2020using,
  title={Using Reduced Paths to Achieve Efficient Privacy-Preserving Range Query in Fog-Based IoT},
  author={Mahdikhani, Hassan and Lu, Rongxing and Shao, Jun and Ghorbani, Ali},
  journal={IEEE Internet of Things Journal},
  volume={8},
  number={6},
  pages={4762--4774},
  year={2020},
  publisher={IEEE}
}